@article{wray2018genome,
  title={Genome-wide association analyses identify 44 risk variants and refine the genetic architecture of major depression},
  author={Wray, Naomi R and Ripke, Stephan and Mattheisen, Manuel and Trzaskowski, Maciej and Byrne, Enda M and Abdellaoui, Abdel and Adams, Mark J and Agerbo, Esben and Air, Tracy M and Andlauer, Till MF and others},
  journal={Nature genetics},
  volume={50},
  number={5},
  pages={668--681},
  year={2018},
  publisher={Nature Publishing Group}
}



@article{mullins2021genome,
  title={Genome-wide association study of more than 40,000 bipolar disorder cases provides new insights into the underlying biology},
  author={Mullins, Niamh and Forstner, Andreas J and O’Connell, Kevin S and Coombes, Brandon and Coleman, Jonathan RI and Qiao, Zhen and Als, Thomas D and Bigdeli, Tim B and B{\o}rte, Sigrid and Bryois, Julien and others},
  journal={Nature genetics},
  volume={53},
  number={6},
  pages={817--829},
  year={2021},
  publisher={Nature Publishing Group US New York}
}

Zotero automatically redirected your request to scholar.google.com through the proxy at proxy.lib.umich.edu.
Don’t Proxy This Site
Proxy Settings
✕
@article{blei2017variational,
  title={Variational inference: A review for statisticians},
  author={Blei, David M and Kucukelbir, Alp and McAuliffe, Jon D},
  journal={Journal of the American statistical Association},
  volume={112},
  number={518},
  pages={859--877},
  year={2017},
  publisher={Taylor \& Francis}
}

@article{demontis2019discovery,
  title={Discovery of the first genome-wide significant risk loci for attention deficit/hyperactivity disorder},
  author={Demontis, Ditte and Walters, Raymond K and Martin, Joanna and Mattheisen, Manuel and Als, Thomas D and Agerbo, Esben and Baldursson, G{\'\i}sli and Belliveau, Rich and Bybjerg-Grauholm, Jonas and B{\ae}kvad-Hansen, Marie and others},
  journal={Nature genetics},
  volume={51},
  number={1},
  pages={63--75},
  year={2019},
  publisher={Nature Publishing Group US New York}
}

@article{luciano2018association,
  title={Association analysis in over 329,000 individuals identifies 116 independent variants influencing neuroticism},
  author={Luciano, Michelle and Hagenaars, Saskia P and Davies, Gail and Hill, W David and Clarke, Toni-Kim and Shirali, Masoud and Harris, Sarah E and Marioni, Riccardo E and Liewald, David C and Fawns-Ritchie, Chloe and others},
  journal={Nature genetics},
  volume={50},
  number={1},
  pages={6--11},
  year={2018},
  publisher={Nature Publishing Group US New York}
}

@article{collister2022calculating,
  title={Calculating polygenic risk scores (PRS) in UK Biobank: a practical guide for epidemiologists},
  author={Collister, Jennifer A and Liu, Xiaonan and Clifton, Lei},
  journal={Frontiers in genetics},
  volume={13},
  pages={818574},
  year={2022},
  publisher={Frontiers}
}
@article{li2015overview,
  title={An overview of SNP interactions in genome-wide association studies},
  author={Li, Pei and Guo, Maozu and Wang, Chunyu and Liu, Xiaoyan and Zou, Quan},
  journal={Briefings in functional genomics},
  volume={14},
  number={2},
  pages={143--155},
  year={2015},
  publisher={Oxford University Press}
}
@article{fisher1919xv,
  title={XV.—The correlation between relatives on the supposition of Mendelian inheritance.},
  author={Fisher, Ronald A},
  journal={Earth and Environmental Science Transactions of the Royal Society of Edinburgh},
  volume={52},
  number={2},
  pages={399--433},
  year={1919},
  publisher={Royal Society of Edinburgh Scotland Foundation}
}
@article{lee2020genome,
  title={Genome-wide search for SNP interactions in GWAS data: algorithm, feasibility, replication using schizophrenia datasets},
  author={Lee, Kwan-Yeung and Leung, Kwong-Sak and Ma, Suk Ling and So, Hon Cheong and Huang, Dan and Tang, Nelson Leung-Sang and Wong, Man-Hon},
  journal={Frontiers in genetics},
  volume={11},
  pages={1003},
  year={2020},
  publisher={Frontiers Media SA}
}


@book{bateson1909,
  title={Mendel’s  Principles  of  Heredity},
  author={W. Bateson},
  publisher={Cambridge University Press},
  year={1909} 
}
@article{zhang2019novel,
  title={A novel variational Bayesian method for variable selection in logistic regression models},
  author={Zhang, Chun-Xia and Xu, Shuang and Zhang, Jiang-She},
  journal={Computational Statistics \& Data Analysis},
  volume={133},
  pages={1--19},
  year={2019},
  publisher={Elsevier}
}

@article{ray2020spike,
  title={Spike and slab variational Bayes for high dimensional logistic regression},
  author={Ray, Kolyan and Szabo, Botond and Clara, Gabriel},
  journal={Advances in Neural Information Processing Systems},
  volume={33},
  pages={14423--14434},
  year={2020}
}

@article{international2010integrating,
  title={Integrating common and rare genetic variation in diverse human populations},
  author={International HapMap 3 Consortium and others},
  journal={Nature},
  volume={467},
  number={7311},
  pages={52},
  year={2010},
  publisher={Europe PMC Funders}
}


@article{bycroft2018uk,
  title={The UK Biobank resource with deep phenotyping and genomic data},
  author={Bycroft, Clare and Freeman, Colin and Petkova, Desislava and Band, Gavin and Elliott, Lloyd T and Sharp, Kevin and Motyer, Allan and Vukcevic, Damjan and Delaneau, Olivier and O’Connell, Jared and others},
  journal={Nature},
  volume={562},
  number={7726},
  pages={203--209},
  year={2018},
  publisher={Nature Publishing Group}
}

@article{kurki2023finngen,
  title={FinnGen provides genetic insights from a well-phenotyped isolated population},
  author={Kurki, Mitja I and Karjalainen, Juha and Palta, Priit and Sipil{\"a}, Timo P and Kristiansson, Kati and Donner, Kati M and Reeve, Mary P and Laivuori, Hannele and Aavikko, Mervi and Kaunisto, Mari A and others},
  journal={Nature},
  volume={613},
  number={7944},
  pages={508--518},
  year={2023},
  publisher={Nature Publishing Group UK London}
}

@article{leitsalu2015cohort,
  title={Cohort profile: Estonian biobank of the Estonian genome center, university of Tartu},
  author={Leitsalu, Liis and Haller, Toomas and Esko, T{\~o}nu and Tammesoo, Mari-Liis and Alavere, Helene and Snieder, Harold and Perola, Markus and Ng, Pauline C and M{\"a}gi, Reedik and Milani, Lili and others},
  journal={International journal of epidemiology},
  volume={44},
  number={4},
  pages={1137--1147},
  year={2015},
  publisher={Oxford University Press}
}

@article{nagai2017overview,
  title={Overview of the BioBank Japan Project: study design and profile},
  author={Nagai, Akiko and Hirata, Makoto and Kamatani, Yoichiro and Muto, Kaori and Matsuda, Koichi and Kiyohara, Yutaka and Ninomiya, Toshiharu and Tamakoshi, Akiko and Yamagata, Zentaro and Mushiroda, Taisei and others},
  journal={Journal of epidemiology},
  volume={27},
  number={Supplement\_III},
  pages={S2--S8},
  year={2017},
  publisher={Japan Epidemiological Association}
}


@article{all2019all,
  title={The “All of Us” research program},
  author={All of Us Research Program Investigators},
  journal={New England Journal of Medicine},
  volume={381},
  number={7},
  pages={668--676},
  year={2019},
  publisher={Mass Medical Soc}
}



@article{gaziano2016million,
  title={Million Veteran Program: A mega-biobank to study genetic influences on health and disease},
  author={Gaziano, John Michael and Concato, John and Brophy, Mary and Fiore, Louis and Pyarajan, Saiju and Breeling, James and Whitbourne, Stacey and Deen, Jennifer and Shannon, Colleen and Humphries, Donald and others},
  journal={Journal of clinical epidemiology},
  volume={70},
  pages={214--223},
  year={2016},
  publisher={Elsevier}
}

@article{yang2012conditional,
  title={Conditional and joint multiple-SNP analysis of GWAS summary statistics identifies additional variants influencing complex traits},
  author={Yang, Jian and Ferreira, Teresa and Morris, Andrew P and Medland, Sarah E and Genetic Investigation of ANthropometric Traits (GIANT) Consortium and DIAbetes Genetics Replication And Meta-analysis (DIAGRAM) Consortium and Madden, Pamela AF and Heath, Andrew C and Martin, Nicholas G and Montgomery, Grant W and others},
  journal={Nature genetics},
  volume={44},
  number={4},
  pages={369--375},
  year={2012},
  publisher={Nature Publishing Group US New York}
}

@article{barbeira2018exploring,
  title={Exploring the phenotypic consequences of tissue specific gene expression variation inferred from GWAS summary statistics},
  author={Barbeira, Alvaro N and Dickinson, Scott P and Bonazzola, Rodrigo and Zheng, Jiamao and Wheeler, Heather E and Torres, Jason M and Torstenson, Eric S and Shah, Kaanan P and Garcia, Tzintzuni and Edwards, Todd L and others},
  journal={Nature communications},
  volume={9},
  number={1},
  pages={1825},
  year={2018},
  publisher={Nature Publishing Group UK London}
}

@article{buniello2019nhgri,
  title={The NHGRI-EBI GWAS Catalog of published genome-wide association studies, targeted arrays and summary statistics 2019},
  author={Buniello, Annalisa and MacArthur, Jacqueline A L and Cerezo, Maria and Harris, Laura W and Hayhurst, James and Malangone, Cinzia and McMahon, Aoife and Morales, Joannella and Mountjoy, Edward and Sollis, Elliot and others},
  journal={Nucleic acids research},
  volume={47},
  number={D1},
  pages={D1005--D1012},
  year={2019},
  publisher={Oxford University Press}
}

@article{mahmood2014framingham,
  title={The Framingham Heart Study and the epidemiology of cardiovascular disease: a historical perspective},
  author={Mahmood, Syed S and Levy, Daniel and Vasan, Ramachandran S and Wang, Thomas J},
  journal={The lancet},
  volume={383},
  number={9921},
  pages={999--1008},
  year={2014},
  publisher={Elsevier}
}

@article{duncan2019analysis,
  title={Analysis of polygenic risk score usage and performance in diverse human populations},
  author={Duncan, Laramie and Shen, H and Gelaye, B and Meijsen, J and Ressler, K and Feldman, M and Peterson, R and Domingue, Ben},
  journal={Nature communications},
  volume={10},
  number={1},
  pages={3328},
  year={2019},
  publisher={Nature Publishing Group UK London}
}

@article{palk2019potential,
  title={Potential use of clinical polygenic risk scores in psychiatry--ethical implications and communicating high polygenic risk},
  author={Palk, Andrea C and Dalvie, Shareefa and De Vries, Jantina and Martin, Alicia R and Stein, Dan J},
  journal={Philosophy, Ethics, and Humanities in Medicine},
  volume={14},
  number={1},
  pages={1--12},
  year={2019},
  publisher={BioMed Central}
}

@article{dikilitas2020predictive,
  title={Predictive utility of polygenic risk scores for coronary heart disease in three major racial and ethnic groups},
  author={Dikilitas, Ozan and Schaid, Daniel J and Kosel, Matthew L and Carroll, Robert J and Chute, Christopher G and Denny, Joshua C and Fedotov, Alex and Feng, QiPing and Hakonarson, Hakon and Jarvik, Gail P and others},
  journal={The American Journal of Human Genetics},
  volume={106},
  number={5},
  pages={707--716},
  year={2020},
  publisher={Elsevier}
}

@article{macarthur2021workshop,
  title={Workshop proceedings: GWAS summary statistics standards and sharing},
  author={MacArthur, Jacqueline AL and Buniello, Annalisa and Harris, Laura W and Hayhurst, James and McMahon, Aoife and Sollis, Elliot and Cerezo, Maria and Hall, Peggy and Lewis, Elizabeth and Whetzel, Patricia L and others},
  journal={Cell genomics},
  volume={1},
  number={1},
  year={2021},
  publisher={Elsevier}
}

@article{thelwall2020useful,
  title={Is useful research data usually shared? An investigation of genome-wide association study summary statistics},
  author={Thelwall, Mike and Munaf{\`o}, Marcus and Mas-Bleda, Amalia and Stuart, Emma and Makita, Meiko and Weigert, Verena and Keene, Chris and Khan, Nushrat and Drax, Katie and Kousha, Kayvan},
  journal={Plos one},
  volume={15},
  number={2},
  pages={e0229578},
  year={2020},
  publisher={Public Library of Science San Francisco, CA USA}
}


@article{lloyd2019improved,
  title={Improved polygenic prediction by Bayesian multiple regression on summary statistics},
  author={Lloyd-Jones, Luke R and Zeng, Jian and Sidorenko, Julia and Yengo, Lo{\"\i}c and Moser, Gerhard and Kemper, Kathryn E and Wang, Huanwei and Zheng, Zhili and Magi, Reedik and Esko, T{\~o}nu and others},
  journal={Nature communications},
  volume={10},
  number={1},
  pages={5086},
  year={2019},
  publisher={Nature Publishing Group UK London}
}

@article{mak2017polygenic,
  title={Polygenic scores via penalized regression on summary statistics},
  author={Mak, Timothy Shin Heng and Porsch, Robert Milan and Choi, Shing Wan and Zhou, Xueya and Sham, Pak Chung},
  journal={Genetic epidemiology},
  volume={41},
  number={6},
  pages={469--480},
  year={2017},
  publisher={Wiley Online Library}
}

@article{ma2021genetic,
  title={Genetic prediction of complex traits with polygenic scores: a statistical review},
  author={Ma, Ying and Zhou, Xiang},
  journal={Trends in Genetics},
  volume={37},
  number={11},
  pages={995--1011},
  year={2021},
  publisher={Elsevier}
}

@article{prive2019making,
  title={Making the most of clumping and thresholding for polygenic scores},
  author={Priv{\'e}, Florian and Vilhj{\'a}lmsson, Bjarni J and Aschard, Hugues and Blum, Michael GB},
  journal={The American Journal of Human Genetics},
  volume={105},
  number={6},
  pages={1213--1221},
  year={2019},
  publisher={Elsevier}
}

@article{purcell2007plink,
  title={PLINK: a tool set for whole-genome association and population-based linkage analyses},
  author={Purcell, Shaun and Neale, Benjamin and Todd-Brown, Kathe and Thomas, Lori and Ferreira, Manuel AR and Bender, David and Maller, Julian and Sklar, Pamela and De Bakker, Paul IW and Daly, Mark J and others},
  journal={The American journal of human genetics},
  volume={81},
  number={3},
  pages={559--575},
  year={2007},
  publisher={Elsevier}
}

@article{prive2020ldpred2,
  title={LDpred2: better, faster, stronger},
  author={Priv{\'e}, Florian and Arbel, Julyan and Vilhj{\'a}lmsson, Bjarni J},
  journal={Bioinformatics},
  volume={36},
  number={22-23},
  pages={5424--5431},
  year={2020},
  publisher={Oxford University Press}
}
@article{prive2018efficient,
  title={Efficient analysis of large-scale genome-wide data with two R packages: bigstatsr and bigsnpr},
  author={Priv{\'e}, Florian and Aschard, Hugues and Ziyatdinov, Andrey and Blum, Michael GB},
  journal={Bioinformatics},
  volume={34},
  number={16},
  pages={2781--2787},
  year={2018},
  publisher={Oxford University Press}
}
@article{ge2019polygenic,
  title={Polygenic prediction via Bayesian regression and continuous shrinkage priors},
  author={Ge, Tian and Chen, Chia-Yen and Ni, Yang and Feng, Yen-Chen Anne and Smoller, Jordan W},
  journal={Nature communications},
  volume={10},
  number={1},
  pages={1776},
  year={2019},
  publisher={Nature Publishing Group UK London}
}


@article{yang2020accurate,
  title={Accurate and scalable construction of polygenic scores in large biobank data sets},
  author={Yang, Sheng and Zhou, Xiang},
  journal={The American Journal of Human Genetics},
  volume={106},
  number={5},
  pages={679--693},
  year={2020},
  publisher={Elsevier}
}
@article{yang2020alpha,
  title={$\alpha$-variational inference with statistical guarantees},
  author={Yang, Yun and Pati, Debdeep and Bhattacharya, Anirban},
  year={2020},
  journal={Annals of Statistics}
}

@article{vilhjalmsson2015modeling,
  title={Modeling linkage disequilibrium increases accuracy of polygenic risk scores},
  author={Vilhj{\'a}lmsson, Bjarni J and Yang, Jian and Finucane, Hilary K and Gusev, Alexander and Lindstr{\"o}m, Sara and Ripke, Stephan and Genovese, Giulio and Loh, Po-Ru and Bhatia, Gaurav and Do, Ron and others},
  journal={The american journal of human genetics},
  volume={97},
  number={4},
  pages={576--592},
  year={2015},
  publisher={Elsevier}
}
@article{prive2022identifying,
  title={Identifying and correcting for misspecifications in GWAS summary statistics and polygenic scores},
  author={Priv{\'e}, Florian and Arbel, Julyan and Aschard, Hugues and Vilhj{\'a}lmsson, Bjarni J},
  journal={Human Genetics and Genomics Advances},
  volume={3},
  number={4},
  year={2022},
  publisher={Elsevier}
}


@article{torkamani2018personal,
  title={The personal and clinical utility of polygenic risk scores},
  author={Torkamani, Ali and Wineinger, Nathan E and Topol, Eric J},
  journal={Nature Reviews Genetics},
  volume={19},
  number={9},
  pages={581--590},
  year={2018},
  publisher={Nature Publishing Group UK London}
}

@article{slatkin2008linkage,
  title={Linkage disequilibrium—understanding the evolutionary past and mapping the medical future},
  author={Slatkin, Montgomery},
  journal={Nature Reviews Genetics},
  volume={9},
  number={6},
  pages={477--485},
  year={2008},
  publisher={Nature Publishing Group UK London}
}

@article{wang2022challenges,
  title={Challenges and opportunities for developing more generalizable polygenic risk scores},
  author={Wang, Ying and Tsuo, Kristin and Kanai, Masahiro and Neale, Benjamin M and Martin, Alicia R},
  journal={Annual review of biomedical data science},
  volume={5},
  pages={293--320},
  year={2022},
  publisher={Annual Reviews}
}